<?xml version="1.0" encoding="UTF-8"?><collection xmlns="http://www.loc.gov/MARC21/slim"><record><leader>00487nam--2200169-i-4500</leader><controlfield tag="001">000009433</controlfield><controlfield tag="002">20161230</controlfield><controlfield tag="005">20170304151139</controlfield><controlfield tag="008">060222s1000------------r-----000-0-eng-d</controlfield><datafield ind1=" " ind2=" " tag="100"><subfield code="a">Dingle, Rand B</subfield></datafield><datafield ind1=" " ind2=" " tag="245"><subfield code="a">Polarized crystal spectra of optically active ions</subfield></datafield><datafield ind1=" " ind2=" " tag="260"><subfield code="a">Kobenhavn</subfield><subfield code="b">Det Kongelige Danske Videnskabernes Selskab</subfield><subfield code="c">1967</subfield></datafield><datafield ind1=" " ind2=" " tag="300"><subfield code="a">26 p</subfield></datafield><datafield ind1=" " ind2=" " tag="490"><subfield code="a">Mat.Fys.Medd.Dan.Vid.Selsk</subfield></datafield><datafield ind1=" " ind2=" " tag="700"><subfield code="a">Ballhausen, Carl J</subfield></datafield><datafield ind1=" " ind2=" " tag="852"><subfield code="a">539.2:535</subfield></datafield><datafield ind1=" " ind2=" " tag="CAT"><subfield code="a">SYS</subfield><subfield code="c">20170304</subfield><subfield code="h">151139</subfield></datafield></record></collection>